@incollection{crick2017rosbridge,
  title={Rosbridge: Ros for non-ros users},
  author={Crick, Christopher and Jay, Graylin and Osentoski, Sarah and Pitzer,
Benjamin and Jenkins, Odest Chadwicke},
  booktitle={Robotics Research},
  pages={493--504},
  year={2017},
  publisher={Springer}
}


@inproceedings{alaoui2014choreography,
  title={Choreography as mediated through compositional tools for movement:
Constructing a historical perspective},
  author={Alaoui, Sarah Fdili and Carlson, Kristin and Schiphorst, Thecla},
  booktitle={Proc. of the 2014 International Workshop on Movement and
Computing},
  pages={1},
  year={2014},
  organization={ACM}
}

@book{humphrey1959art,
  title={The art of making dances},
  author={Humphrey, Doris},
  year={1959},
  publisher={Grove Press}
}


@inproceedings{cuykendall2014designing,
  title={Designing interaction categories for kinesthetic empathy: A case study
of synchronous objects},
  author={Cuykendall, Shannon and Schiphorst, Thecla and Bizzocchi, Jim},
  booktitle={Proc. of the 2014 International Workshop on Movement and
Computing},
  pages={13},
  year={2014},
  organization={ACM}
}

@article{laviers2017choreographic,
  title={Choreographic and Somatic Approaches for the Development of Expressive
Robotic Systems},
  author={LaViers, Amy and Cuan, Catie and Heimerdinger, Madison and Huzaifa,
Umer and Maguire, Catherine and McNish, Reika and Nilles, Alexandra and Pakrasi,
Ishaan and Bradley, Karen and Mata, Kim Brooks and others},
  journal={arXiv preprint arXiv:1712.08195},
  year={2017}
}

@Article{livecoding14,
  author =  {Alan Blackwell and Alex McLean and James Noble and Julian
Rohrhuber},
  title =   {{Collaboration and learning through live coding (Dagstuhl Seminar
13382)}},
  pages =   {130--168},
  journal = {Dagstuhl Reports},
  ISSN =    {2192-5283},
  year =    {2014},
  volume =  {3},
  number =  {9},
  editor =  {Alan Blackwell and Alex McLean and James Noble and Julian
Rohrhuber},
  publisher =   {Schloss Dagstuhl--Leibniz-Zentrum fuer Informatik},
  address = {Dagstuhl, Germany},
  URL =     {http://drops.dagstuhl.de/opus/volltexte/2014/4420},
  URN =     {urn:nbn:de:0030-drops-44205},
  doi =     {10.4230/DagRep.3.9.130},
  annote =  {Keywords: Live coding, Collaboration, Learning, Improvised
interactive programming, Computer music, Algorithmic composition, TOPLAP}
}

@article{nordmann2016survey,
  author       = {Nordmann, Arne and Hochgeschwender, Nico and Wigand, Dennis
Leroy and Wrede, Sebastian},
  journal      = {Journal of Software Engineering in Robotics (JOSER)},
  number       = {1},
  pages        = {75--99},
  title        = {{A Survey on Domain-Specific Modeling and Languages in
Robotics}},
  volume       = {7},
  year         = {2016},
}


@inproceedings{quigley2009ros,
  title={ROS: an open-source Robot Operating System},
  author={Quigley, Morgan and Conley, Ken and Gerkey, Brian and Faust, Josh and
Foote, Tully and Leibs, Jeremy and Wheeler, Rob and Ng, Andrew Y},
  booktitle={ICRA workshop on open source software},
  volume={3},
  number={3.2},
  pages={5},
  year={2009},
  organization={Kobe, Japan}
}

@inproceedings{rossano2013easy,
  title={Easy robot programming concepts: An industrial perspective},
  author={Rossano, Gregory F and Martinez, Carlos and Hedelind, Mikael and
Murphy, Steve and Fuhlbrigge, Thomas A},
  booktitle={IEEE Conf. on Automation Science and Engineering},
  year={2013},
}

@misc{kukaDance2017,
  title={Huang Yi \& KUKA: A human-robot dance duet},
  author={Huang Yi and Joshua Roman},
  publisher={TED2017},
  year={2017},
  month={April},
}

@inproceedings{mataric2004robotics,
  title={Robotics education for all ages},
  author={Mataric, Maja J},
  booktitle={Proc. AAAI Spring Symposium on Accessible, Hands-on AI and Robotics
Education},
  year={2004}
}

@book{forsythe2004improvisation,
  title={Improvisation technologies: a tool for the analytical dance eye},
  author={Forsythe, William},
  year={2004},
  publisher={Hatje Cantz}
}

@article{campusano2017live,
  title={Live robot programming: The language, its implementation, and robot {API} independence},
  author={Campusano, Miguel and Fabry, Johan},
  journal={Science of Computer Programming},
  volume={133},
  pages={1--19},
  year={2017},
  publisher={Elsevier}
}

@article{estefo2014towards,
  title={Towards live programming in {ROS} with {PhaROS} and {LRP}},
  author={Estef{\'o}, Pablo and Campusano, Miguel and Fabresse, Luc and Fabry,
Johan and Laval, Jannik and Bouraqad, Noury},
  journal={arXiv preprint arXiv:1412.4629},
  year={2014}
}

@book{logo,
 author = {Papert, Seymour},
 title = {Mindstorms: Children, Computers, and Powerful Ideas},
 year = {1980},
 isbn = {0-465-04627-4},
 publisher = {Basic Books, Inc.},
 address = {New York, NY, USA},
} 

@inproceedings{mclean2010visualisation,
  title={Visualisation of live code.},
  author={McLean, Alex and Griffiths, Dave and Collins, Nick and Wiggins,
Geraint A},
  booktitle={EVA},
  year={2010}
}

@inproceedings{collins2014algorave,
  title={Algorave: Live performance of algorithmic electronic dance music},
  author={Collins, Nick and McLean, Alex},
  booktitle={Proc. of the International Conference on New Interfaces for
Musical Expression},
  pages={355--358},
  year={2014}
}

@article{python_live_DSLRob,
  author    = {Sorin Adam and
               Ulrik Pagh Schultz},
  title     = {Towards Interactive, Incremental Programming of {ROS} Nodes},
  year      = {2014},
  url       = {http://arxiv.org/abs/1412.4714},
  journal   = {arXiv},
  timestamp = {Wed, 07 Jun 2017 14:42:56 +0200},
}

@online{dazed,
    title = {What on earth is livecoding?},
    author = {Stephen Fortune},
    publisher = {Dazed Digital},
    year = {2014},
    url =
{http://www.dazeddigital.com/artsandculture/article/16150/1/what-on-earth-is-livecoding}
}

@inproceedings{Calvert79,
    title = {Notation of Dance With Computer Assistance},
    author = {T. W. Calvert and J. A. Landis and J. Chapman},
    booktitle = {New Directions in Dance: Collected Writings from the Seventh
Dance in Canada Conference},
    year = {1979}
}

@mastersthesis{schiphorst,
    title = {A Case Study of {M}erce {C}unningham's Use of the Lifeforms Computer
Choreographic System in the Making of Trackers},
    author = {Thecla Schiphorst},
    school = {Simon Fraser University},
    year = {1986}
}

@online{londondance,
    title = {Feature: Merce Cunningham and Lifeforms},
    date = {18 April 2008},
    publisher = {LondonDance.com},
    url = {http://londondance.com/articles/features/merce-cunningham-and-lifeforms/}
}


@inproceedings{cowley2011stream,
  title={Stream-oriented robotics programming: The design of roshask},
  author={Cowley, Anthony and Taylor, Camillo J},
  booktitle={Intelligent Robots and Systems (IROS), 2011 IEEE/RSJ International
Conference on},
  pages={1048--1054},
  year={2011},
  organization={IEEE}
}

@article{collins2003live,
  title={Live coding in laptop performance},
  author={Collins, Nick and McLean, Alex and Rohrhuber, Julian and Ward,
Adrian},
  journal={Organised sound},
  volume={8},
  number={3},
  pages={321},
  year={2003},
  publisher={Cambridge University Press}
}

@inproceedings{mclean2010tidal,
  title={Tidal--pattern language for the live coding of music},
  author={McLean, Alex and Wiggins, Geraint},
  booktitle={Proc. of the 7th sound and music computing conference},
  year={2010}
}

@article{green1996usability,
  title={Usability analysis of visual programming environments: a 'cognitive
dimensions' framework},
  author={Green, Thomas R. G. and Petre, Marian},
  journal={Journal of Visual Languages \& Computing},
  volume={7},
  number={2},
  pages={131--174},
  year={1996},
  publisher={Elsevier}
}

@book{LavEger14,
    editor  = {Amy LaViers and Magnus Egerstedt},
    title   = {Controls and Art: Inquiries at the Intersection of the Subjective and
        Objective},
    year    = {2014},
    publisher = {Springer}
}

@article{laviers2011automatic,
  title={Automatic sequencing of ballet poses},
  author={LaViers, Amy and Chen, Yushan and Belta, Calin and Egerstedt, Magnus},
  journal={IEEE Robotics \& Automation Magazine},
  volume={18},
  number={3},
  pages={87--95},
  year={2011},
  publisher={IEEE}
}

@book{hackney2003making,
  title={Making Connections: Total Body Integration Through Bartenieff Fundamentals},
  author={Hackney, P.},
  year={2003},
  publisher={Taylor \& Francis}
}

@book{labanotation,
  title={Labanotation: Or, Kinetography Laban : the System of Analyzing and Recording Movement},
  author={Guest, A.H.},
  series={TAB paperback},
  year={1977},
  publisher={Theatre Arts Books}
}

@inproceedings{vardi2001branching,
  title={Branching vs. linear time: Final showdown},
  author={Vardi, Moshe Y},
  booktitle={International Conference on Tools and Algorithms for the
Construction and Analysis of Systems},
  pages={1--22},
  year={2001},
  organization={Springer}
}

@online{maude,
  author = {Jose Meseguer and et. al.},
  title = {Maude Manual},
  number = {2.7.1},
  year = {2016},
  url = {http://maude.lcc.uma.es/manual271/maude-manualch1.html#x4-40001.1}
}


@book{harel2000dynamic,
  title={Dynamic logic},
  author={Harel, David and Kozen, Dexter and Tiuryn, Jerzy},
  year={2000}
}

@article{holland1999stigmergy,
  title={Stigmergy, self-organization, and sorting in collective robotics},
  author={Holland, Owen and Melhuish, Chris},
  journal={Artificial life},
  volume={5},
  number={2},
  pages={173--202},
  year={1999},
  publisher={MIT Press}
}

@article{trible2017caste,
  title={Caste development and evolution in ants: it's all about size},
  author={Trible, Waring and Kronauer, Daniel JC},
  journal={Journal of Experimental Biology},
  volume={220},
  number={1},
  pages={53--62},
  year={2017},
  publisher={The Company of Biologists Ltd}
}

@inproceedings{wildBodies12,
  author = {L. Bobadilla and F. Martinez and E. Gobst and 
            K. Gossman and S. M. LaValle},
  title = {Controlling Wild Mobile Robots
           Using Virtual Gates and Discrete Transitions},
  booktitle={Proc. American Control Conference},
  year={2012}}

@article{stone2000multiagent,
  title={Multiagent systems: A survey from a machine learning perspective},
  author={Stone, Peter and Veloso, Manuela},
  journal={Autonomous Robots},
  volume={8},
  number={3},
  pages={345--383},
  year={2000},
  publisher={Springer}
}

@article{jackson2006communication,
  title={Communication in ants},
  author={Jackson, Duncan E and Ratnieks, Francis LW},
  journal={Current biology},
  volume={16},
  number={15},
  pages={R570--R574},
  year={2006},
  publisher={Elsevier}
}

@book{mesbahi2010graph,
  title={Graph theoretic methods in multiagent networks},
  author={Mesbahi, Mehran and Egerstedt, Magnus},
  year={2010},
  publisher={Princeton University Press}
}

@article{TovCohBobCzaLav14,
    author={B. Tovar and F. Cohen and L. Bobadilla and J. Czarnowski
            and S. M. LaValle},
    title={Combinatorial Filters: {S}ensor Beams, Obstacles, and Possible
           Paths},
    journal={ACM Transactions on Sensor Networks},
    volume={10},
    number={3},
    year={2014}
}

@article{celegans,
    author = {Stephens, Greg J. AND Johnson-Kerner, Bethany AND Bialek, William AND Ryu, William S.},
    journal = {PLOS Computational Biology},
    title = {Dimensionality and Dynamics in the Behavior of C. elegans},
    year = {2008},
    month = {04},
    volume = {4},
    doi = {10.1371/journal.pcbi.1000028}
}

@INPROCEEDINGS{mahony,
author={R. Mahony and T. Hamel and J. M. Pflimlin},
booktitle={Proc. of the 44th IEEE Conference on Decision and Control},
title={Complementary filter design on the special orthogonal group SO(3)},
year={2005},
doi={10.1109/CDC.2005.1582367},
month={Dec},}

@inproceedings{chip,
	author = {S. Murray and W. Floyd-Jones and Y. Qi and D. Sorin and G.D.
Konidaris},
	title = {Robot Motion Planning on a Chip},
	booktitle = {In Robotics: Science and Systems XII},
	month = {June},
	year = {2016}
}


@article{mdle,
author 	= {D. Hristu-Varsakelis and M. Egerstedt and P.S. Krishnaprasad},
title 	= {On The Structural Complexity of the Motion Description Language MDLe},
publisher = {IEEE Conference on Decision and Control},
month 	= {Dec},
year	= {2003}
}

@misc{hybrid,
title	= {Hybrid Automaton},
publisher = {Wikipedia},
month	= {February},
year	= {2017}
}


@article{planar,
author	= {Leonardo Bobadilla and Taylor T. Johnson and Amy LaViers and Umer
Huzaifa},
title	= {"Verified Planar Formation Control Algorithms by Composition of
Primitives"},
journal = {AIAA Guidance,
Navigation, and Control Conference}, 
year	= {2015}
}

@book{sicp,
title	= {Structure and Interpretation of Computer Programs},
author  = {Gerald Jay Sussman and Harry Abelson},
chapter = {1.3.4},
publisher = {MIT Press},
url	= {https://mitpress.mit.edu/sicp/full-text/book/book-Z-H-4.html}
}

@conference {hadas,
	title = {Computer-Aided Compositional Design and Verification for Modular Robots},
	publisher = {The International Symposium on Robotics Research},
	year = {2015},
	month = {September},
	author = {Tarik Tuson and Gangyuan Jing and Hadas~Kress-Gazit and Mark Yim}
}

@Inbook{McNew2007,
author="McNew, John-Michael
and Klavins, Eric
and Egerstedt, Magnus",
title="Solving Coverage Problems with Embedded Graph Grammars",
bookTitle="Hybrid Systems: Computation and Control: 10th International Workshop, HSCC 2007, Pisa, Italy, April 3-5, 2007.
Proc.",
year="2007",
publisher="Springer Berlin Heidelberg",
}

@article{klavins2006,
  title={A grammatical approach to self-organizing robotic systems},
  author={Klavins, Eric and Ghrist, Robert and Lipsky, David},
  journal={IEEE Transactions on Automatic Control},
  volume={51},
  number={6},
  pages={949--962},
  year={2006},
  publisher={IEEE}
}


@inbook{ch4,
    author={S. M. LaValle},
    title={Planning Algorithms},
    publisher={Cambridge University Press},
    address={Cambridge, U.K.},
    note={Chapter 4: The Configuration Space},
    year={2006}}

@inbook{ch11,
    author={S. M. LaValle},
    title={Planning Algorithms},
    publisher={Cambridge University Press},
    address={Cambridge, U.K.},
    note={Chapter 11: Sensors and Information Spaces},
    year={2006}}

@inproceedings{pancake,
  author="Kormushev, Petar and Calinon, S. and Caldwell, D. G.",
  title="Robot Motor Skill Coordination with {EM}-based Reinforcement Learning",
  booktitle="Proc. {IEEE/RSJ} Intl Conf. on Intelligent Robots and Systems
({IROS})",
  year="2010",
  month="October"
}

@article{ErdmannTop,
 author = {Erdmann, Michael},
 title = {On the Topology of Discrete Strategies},
 journal = {Int. J. Rob. Res.},
 issue_date = {June      2010},
 volume = {29},
 number = {7},
 month = jun,
 year = {2010},
 doi = {10.1177/0278364909354133},
} 


@article{percept,
        title = {Can dance reflect the structural and expressive qualities of
music?},
        author = {Carol Krumhansl and Diana Schenck},
        year = {1997},
        publisher = {Cognitive Sciences of Music}
}

@InCollection{phil,
        author          = {Bresnahan, Aili},
        title           = {The Philosophy of Dance},
        booktitle       = {The Stanford Encyclopedia of Philosophy},
        editor          = {Edward N. Zalta},
        howpublished    = {\url{https://plato.stanford.edu/archives/win2016/entries/dance/}},
        year            = {2016},
        edition         = {Winter 2016},
        publisher       = {Metaphysics Research Lab, Stanford University}
}

@misc{laban,
        author = {Christian Griesbeck},
        year = {1996},
        title = {Introduction to Labanotation},
        publisher = {Goethe University Frankfurt},
        url = {http://user.uni-frankfurt.de/~griesbec/LABANE.HTML}
}

@book{pm,
        author  = {Yvonne Rainer and Peter Moore},
        year    = {1968},
        title   = {Stairs, from {The Mind is a Muscle} (1966-68)},
        publisher = {{VAGA}}
}

@book{rep,
  title={Philosophy of Art: A Contemporary Introduction},
  author={Carroll, N.},
  isbn={9780415159647},
  lccn={99025928},
  series={Philosophy of Art: A Contemporary Introduction},
  url={https://books.google.com/books?id=ck51\_sMuIJUC},
  year={1999},
  publisher={Routledge}
}

@article{expression,
    author = {Mary Sirridge and Adina Armelagos},
    journal = {The Journal of Aesthetics and Art Criticism},
    number = {1},
    pages = {15-24},
    publisher = {[Wiley, American Society for Aesthetics]},
    title = {The In's and Out's of Dance: Expression as an Aspect of Style},
    volume = {36},
    year = {1977}
}

@article{beard,
 author = {Monroe C. Beardsley},
 journal = {Dance Research Journal},
 number = {1},
 pages = {31-36},
 publisher = {Congress on Research in Dance},
 title = {What Is Going on in a Dance?},
 volume = {15},
 year = {1982}
}

@Inbook{dandrea,
    editor  = {Amy LaViers and Magnus Egerstedt},
    title   = {So You Think You Can Dance? Rhythmic Flight Performances with
        Quadrocopters},
    bookTitle   = {Controls and Art: Inquiries at the Intersection of the Subjective and
        Objective},
    year    = {2014},
    publisher = {Springer},
    chapter = {4},
    author  = {A. Schoellig and H. Siegel and F. Augugliaro and R. D'Andrea}
}

@Inbook{flocklogic,
    editor  = {Amy LaViers and Magnus Egerstedt},
    title   = {In the dance studio: An art and engineering exploration of
human flocking},
    bookTitle   = {Controls and Art: Inquiries at the Intersection of the Subjective and
        Objective},
    year    = {2014},
    publisher = {Springer},
    chapter = {2},
    author  = {N. Leonard et. al.}
}

@Inbook{vis1,
    editor  = {Amy LaViers and Magnus Egerstedt},
    title   = {Algorithms for Visual Tracking of Visitors Under
        Variable-Lighting Conditions for a Responsive Audio Art Installation},
    bookTitle   = {Controls and Art: Inquiries at the Intersection of the Subjective and
        Objective},
    year    = {2014},
    publisher = {Springer},
    chapter = {4},
    author  = {Andrew Godbehere and Ken Goldberg}
}

@article{ltl,
    author = {Amy Laviers and Yushan Chen and Calin Belta and Magnus
            Egerstedt},
    title = {Automatic Generation of Balletic Motions},
    year = {2011},
    publisher = {{ACM/IEEE} second international conference on cyber-physical
        systems}
}

@article{poke,
  author    = {Pulkit Agrawal and
               Ashvin Nair and
               Pieter Abbeel and
               Jitendra Malik and
               Sergey Levine},
  title     = {Learning to Poke by Poking: Experiential Learning of Intuitive Physics},
  journal   = {CoRR},
  volume    = {abs/1606.07419},
  year      = {2016},
  url       = {http://arxiv.org/abs/1606.07419},
  timestamp = {Fri, 01 Jul 2016 17:39:49 +0200},
  biburl    = {http://dblp.uni-trier.de/rec/bib/journals/corr/AgrawalNAML16},
  bibsource = {dblp computer science bibliography, http://dblp.org}
}

@inproceedings{OKaShe13b,
  author       = {Jason M. O'Kane and Dylan A. Shell},
  title        = {Finding concise plans: Hardness and algorithms},
  year	       = {2013},
  booktitle    = {Proc. IEEE/RSJ International Conference on Intelligent
		 Robots and Systems}
}

@Inbook{style,
    editor  = {Amy LaViers and Magnus Egerstedt},
    title   = {Style-Based Robotic Motion in Contemporary Dance Performance},
    bookTitle   = {Controls and Art: Inquiries at the Intersection of the Subjective and
        Objective},
    year    = {2014},
    publisher = {Springer},
    chapter = {9},
    author  = {Amy Laviers and Lori Teague and Magnus Egerstedt}
}

@book{dyn,
    author = {Eric Franklin},
    title   = {Dynamic Alignment Through Imagery},
    year    = {1996},
    publisher = {Human Kinetics}
}

@article{program,
    title   = {Program for {"November Dance: Attachment"}},
    publisher = {Dance at Illinois},
    month   = {November},
    year    = {2015},
    url     =
    {https://faa.illinois.edu/sites/default/files/nov-dance-2015-program.pdf}
}

@Inbook{action,
    editor  = {Jean-Paul Laumond and Naoko Abe},
    bookTitle   = {Dance Notations and Robot Motion},
    title   = {Beyond Watching: Action Understanding by Humans and Implications
        for Motion Planning by Interacting Robots},
    author  = {Gowrishankar Ganesh and Tsuyoshi Ikegami},
    year    = {2015},
    publisher   = {Springer}
}

@Inbook{LaViersBai,
    editor  = {Jean-Paul Laumond and Naoko Abe},
    bookTitle   = {Dance Notations and Robot Motion},
    title   = {Abstractions for Design-by-Humans of Heterogenous Behaviors},
    author  = {Amy LaViers and Lin Bai and Masoud Bashiri and Gerald Heddy and
Yu Sheng},
    year    = {2015},
    publisher   = {Springer}
}

@Inbook{LaumondAbe2015,
    editor  = {Jean-Paul Laumond and Naoko Abe},
    bookTitle   = {Dance Notations and Robot Motion},
    year    = {2015},
    pages   = {vii -- viii},
    publisher   = {Springer}
}

@book{labanotation,
    author  = {Rudolf Laban and F.C. Lawrence},
    title   = {Effort},
    year    = {1947},
    publisher   = {MacDonald and Evans}
}

@inproceedings{bounce,
  author = {L. H. Erickson and S. M. LaValle},
  title = {Toward the Design and Analysis of Blind, Bouncing Robots},
  booktitle={IEEE International Conference on 
	     Robotics and Automation},
  year={2013}}

@article{schwartz1992,
    author = "Schwartz, Richard",
    fjournal = "Experimental Mathematics",
    journal = "Experiment. Math.",
    number = "1",
    pages = "71--81",
    publisher = "A K Peters, Ltd.",
    title = "The pentagram map",
    url = "http://projecteuclid.org/euclid.em/1048709118",
    volume = "1",
    year = "1992"
}

@article{schwartz_billiards,
        author  = {W. Patrick Hooper and Richard Evan Schwartz},
        title   = {Billiards in Nearly Isosceles Triangles},
        version = {2},
        month   = {June},
        year    = {2013},
        journal = {Journal of Modern Dynamics}, 
        volume  = {3},
        number  = {2},
        pages   = {159--231}
}

@Article{simple,
  author      = {Hsien-Chih Chang and Jeff Erickson and Chao Xu},
  title       = {Detecting Weakly Simple Polygons},
  version     = {1},
  date        = {2014-07-12},
  eprinttype  = {arxiv},
  eprintclass = {cs.CG},
  eprint      = {http://arxiv.org/abs/1407.3340v1},
  url         = {http://arxiv.org/abs/1407.3340v1}
}

@article{LewOKa13,
  author       = {Jeremy S. Lewis and Jason M. O'Kane},
  title        = {Planning for provably reliable navigation using an
		 unreliable, nearly sensorless robot},
  journal      = {International Journal of Robotics Research},
  volume       = {32},
  number       = {11},
  month        = {September},
  pages        = {1339--1354},
  year	       = {2013}
}

@software{diagrams,
  author = {Brent Yorgey},
  title = {Diagrams},
  url = {https://projects.haskell.org/diagrams},
  version = {1.3},
  date = {2017-01-01},
}

@book{billiards,
author= {Serge Tabachnikov},
title = {Geometry and Billiards},
publisher = {American Mathematical Society},
year = {2005}
}

@article{pinball,
author = {Roberto Markarian and Enrique Pujals and Martin Sambarino},
title = {Pinball billiards with dominated splitting},
year = {2010},
journal = {Ergodic Theory and Dynamical Systems},
volume = {30},
pages = {1757--1786}
}

@Inbook{Aronov1996,
author="Aronov, Boris
and Davis, Alan R.
and Dey, Tamal K.
and Pal, Sudebkumar P.
and Prasad, D. Chithra",
editor="Karlsson, Rolf
and Lingas, Andrzej",
title="Visibility with multiple reflections",
bookTitle={"Algorithm Theory --- SWAT'96: 5th Scandinavian Workshop on Algorithm Theory Reykjav{\'i}k, Iceland, July 3--5, 1996
Proc."},
year="1996",
publisher="Springer Berlin Heidelberg",
address="Berlin, Heidelberg",
pages="284--295",
isbn="978-3-540-68529-6",
doi="10.1007/3-540-61422-2_139",
url="http://dx.doi.org/10.1007/3-540-61422-2_139"
}


@TechReport{Dance2003,
  author =       {Liwen Huang and Paul Hudak},
  title =        {Dance: A Declarative Language for the Control of Humanoid
Robots},
  institution =  {Yale University},
  year =         {2003},
  number =       {YALEU/DCS/RR-1253},
  month =        {August},
}

@article{li20171223,
  title={The 1223 new periodic orbits of planar three-body problem with unequal mass and zero angular momentum},
  author={Li, Xiaoming and Jing, Yipeng and Liao, Shijun},
  journal={arXiv preprint arXiv:1709.04775},
  year={2017}
}

@Comment{alam2017minimalist,
  title={Minimalist Robot Navigation and Coverage using a Dynamical System Approach},
  author={Alam, Tauhidul and Bobadilla, Leonardo and Shell, Dylan A},
  booktitle={Robotic Computing (IRC), IEEE International Conference on},
  pages={249--256},
  year={2017},
  organization={IEEE}
}

@inproceedings{alam2017minimalist,
  title={Minimalist Robot Navigation and Coverage using a Dynamical System Approach},
  author={Alam, T. and Bobadilla, L. and Shell, D. A.},
  booktitle={IEEE IRC},
  year={2017},
}

@article{alam2018space,
  title={Space-efficient filters for mobile robot localization from discrete limit cycles},
  author={Alam, Tauhidul and Bobadilla, Leonardo and Shell, Dylan A},
  journal={IEEE Robotics and Automation Letters},
  volume={3},
  number={1},
  pages={257--264},
  year={2018},
  publisher={IEEE}
}

@article{o2017concise,
  title={Concise planning and filtering: Hardness and algorithms},
  author={O'Kane, Jason M and Shell, Dylan A},
  journal={IEEE Transactions on Automation Science and Engineering},
  year={2017},
  publisher={IEEE}
}

@inproceedings{brockett1997minimum,
  title={Minimum attention control},
  author={Brockett, W},
  booktitle={Decision and Control, 1997., Proc. of the 36th IEEE Conference on},
  volume={3},
  pages={2628--2632},
  year={1997},
  organization={IEEE}
}

@article{asarin2007algorithmic,
  title={Algorithmic analysis of polygonal hybrid systems, part I: Reachability},
  author={Asarin, Eugene and Schneider, Gerardo and Yovine, Sergio},
  journal={Theoretical Computer Science},
  volume={379},
  number={1-2},
  pages={231--265},
  year={2007},
  publisher={Elsevier}
}

@article{prabhakar2008decidable,
  title={A decidable class of planar linear hybrid systems},
  author={Prabhakar, Pavithra and Vladimerou, Vladimeros and Viswanathan, Mahesh and Dullerud, Geir},
  journal={Hybrid Systems: Computation and Control},
  pages={401--414},
  year={2008},
  publisher={Springer}
}

@article{asarin1995reachability,
  title={Reachability analysis of dynamical systems having piecewise-constant derivatives},
  author={Asarin, Eugene and Maler, Oded and Pnueli, Amir},
  journal={Theoretical computer science},
  volume={138},
  number={1},
  pages={35--65},
  year={1995},
  publisher={Elsevier}
}

@article{cotton2010spaceex,
    title={The SpaceEx modeling language},
    author={Cotton, Scott and Frehse, Goran and Lebeltel, Olivier},
    year={2010}
}

@article{OkaLav07b,
  author={J. M. O'Kane and S. M. LaValle},
  title={On Comparing the Power of Robots},
  journal = {International Journal of Robotics Research},
  volume = {27}, 
  number = {1},
  pages = {5-23},
  year = {2008}
}


@inproceedings{yorgey2012monoids,
  title={Monoids: theme and variations (functional pearl)},
  author={Yorgey, Brent A},
  booktitle={ACM SIGPLAN Notices},
  volume={47},
  number={12},
  pages={105--116},
  year={2012},
  organization={ACM}
}

@inproceedings{minopoli2014non,
  title={Non-convex invariants and urgency conditions on linear hybrid
automata},
  author={Minopoli, Stefano and Frehse, Goran},
  booktitle={International Conference on Formal Modeling and Analysis of Timed
Systems},
  pages={176--190},
  year={2014},
  organization={Springer}
}

@inproceedings{bai2016design,
  title={Design of perceptually meaningful quality in robotic motion},
  author={Bai, Lin and Bellona, Jon and Dahl, Luke and LaViers, Amy},
  booktitle={Workshop on Artistically Skilled Robots, IEEE/RSJ International
Conference on Intelligent Robots and Systems},
  year={2016}
}

@inproceedings{zhang2017plan,
  title={Plan explicability and predictability for robot task planning},
  author={Zhang, Yu and Sreedharan, Sarath and Kulkarni, Anagha and Chakraborti,
Tathagata and Zhuo, Hankz Hankui and Kambhampati, Subbarao},
  booktitle={Robotics and Automation (ICRA), 2017 IEEE International Conference
on},
  pages={1313--1320},
  year={2017},
  organization={IEEE}
}

@inproceedings{dragan2013legibility,
  title={Legibility and predictability of robot motion},
  author={Dragan, Anca D and Lee, Kenton CT and Srinivasa, Siddhartha S},
  booktitle={Human-Robot Interaction (HRI), 2013 8th ACM/IEEE International
Conference on},
  pages={301--308},
  year={2013},
  organization={IEEE}
}


@article{evtimov2017robust,
  title={Robust Physical-World Attacks on Machine Learning Models},
  author={Evtimov, Ivan and Eykholt, Kevin and Fernandes, Earlence and Kohno,
Tadayoshi and Li, Bo and Prakash, Atul and Rahmati, Amir and Song, Dawn},
  journal={arXiv preprint arXiv:1707.08945},
  year={2017}
}

@article{goodfellow2014explaining,
  title={Explaining and harnessing adversarial examples},
  author={Goodfellow, Ian J and Shlens, Jonathon and Szegedy, Christian},
  journal={arXiv preprint arXiv:1412.6572},
  year={2014}
}

@article{agarwal2016second,
  title={Second order stochastic optimization in linear time},
  author={Agarwal, Naman and Bullins, Brian and Hazan, Elad},
  journal={arXiv preprint arXiv:1602.03943},
  year={2016}
}

@article{reluplex,
  author    = {Guy Katz and
               Clark W. Barrett and
               David L. Dill and
               Kyle Julian and
               Mykel J. Kochenderfer},
  title     = {Reluplex: An Efficient {SMT} Solver for Verifying Deep Neural
Networks},
  journal   = {CoRR},
  volume    = {abs/1702.01135},
  year      = {2017},
  url       = {http://arxiv.org/abs/1702.01135},
  timestamp = {Wed, 07 Jun 2017 14:42:43 +0200},
  biburl    = {http://dblp.uni-trier.de/rec/bib/journals/corr/KatzBDJK17},
  bibsource = {dblp computer science bibliography, http://dblp.org}
}

@inproceedings{ribeiro2016should,
  title={Why should i trust you?: Explaining the predictions of any classifier},
  author={Ribeiro, Marco Tulio and Singh, Sameer and Guestrin, Carlos},
  booktitle={Proc. of the 22nd ACM SIGKDD International Conference on
Knowledge Discovery and Data Mining},
  pages={1135--1144},
  year={2016},
  organization={ACM}
}

@article{liu2016cross,
  title={Cross-convolutional-layer Pooling for Image Recognition},
  author={Liu, Lingqiao and Shen, Chunhua and van den Hengel, Anton},
  journal={IEEE transactions on pattern analysis and machine intelligence},
  year={2016},
  publisher={IEEE}
}

@article{knepper2012real,
  title={Real-time informed path sampling for motion planning search},
  author={Knepper, Ross A and Mason, Matthew T},
  journal={The International Journal of Robotics Research},
  volume={31},
  number={11},
  pages={1231--1250},
  year={2012},
  publisher={SAGE Publications Sage UK: London, England}
}


@inproceedings{fisac2016generating,
  title={Generating plans that predict themselves},
  author={Fisac, J and Liu, Chang and Hamrick, Jessica B and Sastry, Shankar and
Hedrick, J Karl and Griffiths, Thomas L and Dragan, Anca D},
  booktitle={Workshop on the Algorithmic Foundations of Robotics (WAFR)},
  year={2016}
}

@article{debruyne2008model,
  title={Model selection in kernel based regression using the influence
function},
  author={Debruyne, Michiel and Hubert, Mia and Suykens, Johan AK},
  journal={Journal of Machine Learning Research},
  volume={9},
  number={Oct},
  pages={2377--2400},
  year={2008}
}

@article{christmann2004robustness,
  title={On robustness properties of convex risk minimization methods for
pattern recognition},
  author={Christmann, Andreas and Steinwart, Ingo},
  journal={Journal of Machine Learning Research},
  volume={5},
  number={Aug},
  pages={1007--1034},
  year={2004}
}

@inproceedings{wojnowicz2016influence,
  title={“Influence sketching”: Finding influential samples in large-scale
regressions},
  author={Wojnowicz, Mike and Cruz, Ben and Zhao, Xuan and Wallace, Brian and
Wolff, Matt and Luan, Jay and Crable, Caleb},
  booktitle={Big Data (Big Data), 2016 IEEE International Conference on},
  pages={3601--3612},
  year={2016},
  organization={IEEE}
}

@article{staveley,
    title = {Molecular and Developmental Biology (BIOL3530)},
    author = {Brian E. Staveley},
    journal = {Department of Biology, Memorial University of Newfoundland},
    url = {http://www.mun.ca/biology/desmid/brian/BIOL3530/DEVO_08/devo_08.html}
}


@article{fletcher2014vertex,
  title={Vertex models of epithelial morphogenesis},
  author={Fletcher, Alexander G and Osterfield, Miriam and Baker, Ruth E and
Shvartsman, Stanislav Y},
  journal={Biophysical journal},
  volume={106},
  number={11},
  pages={2291--2304},
  year={2014},
  publisher={Elsevier}
}

@article{NilBecLav17,
author = {Alexandra Nilles and Israel Becerra and Steven M. LaValle},
title = {Periodic Trajectories of Mobile Robots},
journal = {IROS},
year = {2017}
}

@article{Donald12,
author = {Donald, B.R.},
title = {The Compass That Steered Robotics},
journal = {LNCS},
year = 2012,
}

@inproceedings{blum1978power,
  title={On the power of the compass (or, why mazes are easier to search than
graphs)},
  author={Blum, Manuel and Kozen, Dexter},
  booktitle={Foundations of Computer Science, 1978., 19th Annual Symposium on},
  pages={132--142},
  year={1978},
  organization={IEEE}
}

@article{donald1995information,
  title={On information invariants in robotics},
  author={Donald, Bruce Randall},
  journal={Artificial Intelligence},
  volume={72},
  number={1-2},
  pages={217--304},
  year={1995},
  publisher={Elsevier}
}

@article{nakamura2001chaotic,
  title={The chaotic mobile robot},
  author={Nakamura, Yoshihiko and Sekiguchi, Akinori},
  journal={IEEE Transactions on Robotics and Automation},
  volume={17},
  number={6},
  pages={898--904},
  year={2001},
  publisher={IEEE}
}

@article{asymm-gear,
  author={He Li and H. P. Zhang},
  title={Asymmetric gear rectifies random robot motion},
  journal={EPL (Europhysics Letters)},
  volume={102},
  number={5},
  year={2013},
}


@article{di2010bacterial,
  title={Bacterial ratchet motors},
  author={Di Leonardo, R and Angelani, L and Dell’Arciprete, D and Ruocco,
Giancarlo and Iebba, V and Schippa, S and Conte, MP and Mecarini, F and De
Angelis, F and Di Fabrizio, E},
  journal={Proc. of the National Academy of Sciences},
  volume={107},
  number={21},
  pages={9541--9545},
  year={2010},
  publisher={National Acad Sciences}
}

@book{disser11,
    author = {Yann Disser},
    title = {Mapping Polygons},
    publisher = {Logos Verlag Berlin GmbH},
    year = {2011}
}

@article{OkaLav06,
        author = {J. M. O'Kane and S. M. LaValle},
        title = {Localization with Limited Sensing},
        journal = {IEEE Transactions on Robotics},
        volume={23}, number={4}, month=Aug, pages={704-716},
        year = {2007}}

@article{bilo2012reconstructing,
  title={Reconstructing visibility graphs with simple robots},
  author={Bil{\`o}, Davide and Disser, Yann and Mihal{\'a}k, Mat{\'u}s and Suri,
Subhash and Vicari, Elias and Widmayer, Peter},
  journal={Theoretical Computer Science},
  volume={444},
  pages={52--59},
  year={2012},
  publisher={Elsevier}
}

@article{tovar2005gap,
  title={Gap navigation trees: Minimal representation for visibility-based
tasks},
  author={Tovar, Benjamin and Guilamo, Luis and LaValle, Steven M},
  journal={Algorithmic Foundations of Robotics VI},
  pages={425--440},
  year={2005},
  publisher={Springer}
}

@article{microorganism2017,
  title={Microorganism billiards},
  author={S. E. Spagnolie and C. Wahl and J. Lukasik and
J. L. Thiffeault},
  journal={Physica D: Nonlinear Phenomena},
  year={2017},
}

@article{raibert1984experiments,
  title={Experiments in balance with a 3D one-legged hopping machine},
  author={Raibert, Marc H and Brown Jr, H Benjamin and Chepponis, Michael},
  journal={The International Journal of Robotics Research},
  volume={3},
  number={2},
  pages={75--92},
  year={1984},
  publisher={Sage Publications Sage CA: Thousand Oaks, CA}
}

@article{fearing,
	author = {Haldane, Duncan W. and Plecnik, M. M. and Yim, J. K. and Fearing, R. S.},
	title = {Robotic vertical jumping agility via series-elastic power modulation},
	year = {2016},
	publisher = {Science Robotics},
}

@inproceedings{monoids,
    title = {Monoids: Theme and Variations (Functional Pearl)},
    author = {Brent A. Yorgey},
    year = {2012},
    organization = {ACM},
    booktitle = {Haskell}
}

@inproceedings{bounce,
  author = {L. H. Erickson and S. M. LaValle},
  title = {Toward the Design and Analysis of Blind, Bouncing Robots},
  booktitle={IEEE ICRA},
  year={2013}}

@book{johnson1929,
  title={Advanced Euclidean Geometry},
  author={Johnson, R.A.},
  lccn={60050807},
  series={Dover books on advanced mathematics},
  year={1929},
  publisher={Dover Publications}
}

@Inbook{Granas2003,
author="Granas, Andrzej and Dugundji, James",
title="Elementary Fixed Point Theorems",
bookTitle="Fixed Point Theory",
year="2003",
publisher="Springer New York",
address="New York, NY",
pages="9--84",
}

@article{slamSolution,
  title={A solution to the simultaneous localization and map building (SLAM) problem},
  author={Dissanayake, MWM Gamini and Newman, Paul and Clark, Steve and Durrant-Whyte, Hugh F and Csorba, Michael},
  journal={IEEE Transactions on robotics and automation},
  volume={17},
  number={3},
  pages={229--241},
  year={2001},
  publisher={IEEE}
}

@inproceedings{fastslam,
  title={FastSLAM: A factored solution to the simultaneous localization and mapping problem},
  author={Montemerlo, Michael and Thrun, Sebastian and Koller, Daphne and Wegbreit, Ben and others},
  booktitle={Aaai/iaai},
  pages={593--598},
  year={2002}
}

@article{durrant2006,
  title={Simultaneous localization and mapping: part I},
  author={Durrant-Whyte, Hugh and Bailey, Tim},
  journal={IEEE robotics \& automation magazine},
  volume={13},
  number={2},
  pages={99--110},
  year={2006},
  publisher={IEEE}
}

@article{Carelli2003,
  title={Corridor navigation and wall-following stable control for sonar-based mobile robots},
  author={Carelli, Ricardo and Freire, Eduardo Oliveira},
  journal={Robotics and Autonomous Systems},
  volume={45},
  number={3},
  pages={235--247},
  year={2003},
  publisher={Elsevier}
}

@INPROCEEDINGS{Lamp05,
author={A. G. Lamperski and O. Y. Loh and B. L. Kutscher and N. J. Cowan},
booktitle={Proc. of the 2005 IEEE International Conference on Robotics and
Automation},
title={Dynamical Wall Following for a Wheeled Robot Using a Passive Tactile
Sensor},
year={2005},
month={April},}




@article{Jones1998,
author = {Jones, Vaughan and Przytycki, Józef},
journal = {Banach Center Publications},
language = {eng},
number = {1},
pages = {145-163},
title = {Lissajous knots and billiard knots},
volume = {42},
year = {1998},
}


@article{schwartz1992,
    author = "Schwartz, Richard",
    fjournal = "Experimental Mathematics",
    journal = "Experiment. Math.",
    number = "1",
    pages = "71--81",
    publisher = "A K Peters, Ltd.",
    title = "The pentagram map",
    volume = "1",
    year = "1992"
}

@article{schwartz_billiards,
        author  = {W. Patrick Hooper and Richard Evan Schwartz},
        title   = {Billiards in Nearly Isosceles Triangles},
        version = {2},
        month   = {June},
        year    = {2013},
        journal = {Journal of Modern Dynamics}, 
        volume  = {3},
        number  = {2},
        pages   = {159--231}
}

@article{LewOKa13,
  author       = {Jeremy S. Lewis and Jason M. O'Kane},
  title        = {Planning for provably reliable navigation using an
		 unreliable, nearly sensorless robot},
  journal      = {International Journal of Robotics Research},
  volume       = {32},
  number       = {11},
  month        = {September},
  pages        = {1339--1354},
  year	       = {2013}
}

@book{billiards,
author= {Serge Tabachnikov},
title = {Geometry and Billiards},
publisher = {American Mathematical Society},
year = {2005}
}

@article{pinball,
author = {R. Markarian and E. Pujals and M. Sambarino},
title = {Pinball billiards with dominated splitting},
year = {2010},
journal = {Ergodic Theory and Dynamical Systems},
}

@book{jackson1992,
  title={Perspectives of Nonlinear Dynamics},
  author={Jackson, E.A.},
  volume = {1},
  year={1992},
  publisher={Cambridge University Press}
}

@article{DelMagno2014,
author="Del Magno, Gianluigi
and Lopes Dias, Jo{\~a}o
and Duarte, Pedro
and Gaiv{\~a}o, Jos{\'e} Pedro
and Pinheiro, Diogo",
title="{SRB} Measures for Polygonal Billiards with Contracting Reflection Laws",
journal="Communications in Mathematical Physics",
year="2014",
volume="329",
number="2",
pages="687--723",
}


@Inbook{Aronov1996,
author="Aronov, Boris
and Davis, Alan R.
and Dey, Tamal K.
and Pal, Sudebkumar P.
and Prasad, D. Chithra",
editor="Karlsson, Rolf
and Lingas, Andrzej",
title="Visibility with multiple reflections",
bookTitle={"Algorithm Theory --- SWAT'96: 5th Scandinavian Workshop on Algorithm Theory Reykjav{\'i}k, Iceland, July 3--5, 1996
Proc."},
year="1996",
publisher="Springer Berlin Heidelberg",
address="Berlin, Heidelberg",
pages="284--295",
}

